
@Article{ref,
author={Durand, Patrick AND Durand, Ren√©},
journal={Le beau journal},
title={Les tomates tueuses},
year={2007},
month={jan},
pages={24},
notes={sympathique}
}